4602 5710
957 333 1255 400 ...8-

299 511 430 604 ᾔδεσαν,
454 515 502 591 ΙΙΙ,
519 517 569 589 75,
588 517 605 577 5
629 512 766 590 πλείους
782 532 835 597 pro
850 516 973 598 μείους,
996 515 1044 592 ΙΙΙ,
1060 515 1109 590 76,
1129 512 1166 578 18
1189 516 1293 599 χωρία
1308 509 1435 598 τάφρον
1449 533 1533 597 μετα
1547 531 1602 596 pro
1617 515 1723 598 χωρία
1736 505 1873 601 τάφρων
1887 511 2000 599 μεστά,

301 629 350 702 ΠΙ,
367 630 451 702 77,1
476 628 568 704 τέλος
590 622 675 712 ἦσαν
696 648 750 710 pro
772 626 810 692 τὸ
834 626 913 704 έλος,
937 630 983 704 ΙΙΙ,
1000 628 1050 704 83,
1066 629 1107 692 20
1130 628 1206 691 κακί
1228 623 1422 711 ἀνωμαλίαν
1443 647 1497 709 pro
1519 625 1556 691 τδ
1578 625 1637 712 τὴν
1659 630 1775 692 κακίαν
1798 625 2000 712 ἀνωμαλίαν,

299 741 346 812 ΙΙΙ,
362 742 413 814 45,
431 744 466 802 ll
492 741 595 805 ταῦτα
616 739 654 804 δέ
676 740 731 806 καί
753 739 966 825 λογιζόμενος
989 737 1161 826 παρώξυνε
1182 738 1239 804 τὸν
1254 737 1399 825 κράσσον
1420 759 1474 822 pro
1496 739 1600 804 ταῦτα
1615 738 1742 805 διέκαιε
1756 741 1813 805 καί
1829 739 2002 827 παρώξυνε

297 851 355 917 τδν
369 849 536 938 Κράσσον,
559 855 607 930 ΙΙΙ,
623 855 674 930 45,
693 856 731 916 15
755 852 810 917 καί
832 853 895 939 γὰρ
917 851 1020 919 πόλιν
1041 850 1166 918 άνελῶν
1182 851 1364 938 Ὀμβρικην
1385 851 1479 927 ἔδοξε
1492 852 1636 918 πλείστα
1650 854 1715 919 τῶν
1730 853 1902 940 κτημάτων
1918 872 2001 941 σφε.-

297 968 500 1049 τερίσασθαι
523 985 577 1049 pro
600 965 656 1030 καλ
678 950 740 1051 γάρ
763 963 864 1031 πόλιν
881 963 1059 1051 Ὀμβρικὴν
1086 960 1286 1050 Τουδερτίαν
1307 967 1388 1049 (libri
1409 965 1616 1051 τουρδετίαν)
1638 963 1723 1032 ἐλῶν
1744 966 1838 1042 ἔδοξε
1860 966 2002 1032 πλείστα

295 1079 361 1143 τῶν
381 1076 556 1163 χρημάτων
578 1080 855 1164 σφετερίσασθαι,
882 1080 931 1154 ΙΙΙ,
948 1081 998 1156 56,
1017 1081 1055 1142 17
1082 1077 1144 1164 ἔφη
1167 1079 1211 1164 μὴ
1233 1082 1383 1160 μετιέναι
1405 1088 1477 1154 τοίς
1498 1079 1643 1154 δικαίοις
1665 1080 1830 1157 πολίταις,
1853 1085 2001 1165 μετιέναι

297 1189 335 1254 δὲ
358 1210 412 1273 pro
435 1189 498 1276 ἔφη
515 1194 662 1274 μετιέναι
685 1201 755 1267 τοίς
771 1191 916 1268 δικαίοις
932 1193 1096 1268 πολίταις,
1118 1191 1163 1277 μή
1185 1195 1334 1274 μετιέναι
1356 1190 1405 1266 δέ,
1428 1193 1475 1268 ΙΙΙ,
1492 1193 1543 1268 85,
1557 1193 1596 1257 30
1619 1197 1729 1258 καίτοι
1751 1192 1875 1259 τούτων
1896 1217 2000 1278 τιμω-

297 1306 405 1386 μένων
431 1302 576 1387 μάλιστα
598 1305 654 1368 καί
677 1303 867 1389 δυναμένων
890 1323 943 1388 pro
965 1307 1075 1370 καίτοι
1097 1301 1172 1369 τότε
1192 1307 1368 1392 τιμωμένῳ
1391 1298 1540 1388 μάλιστα
1566 1305 1622 1369 καλ
1644 1306 1828 1393 δυναμένῳ,
1850 1308 1900 1382 ΙΙΙ,
1915 1309 2001 1382 45,8

298 1410 382 1479 ῶστε
403 1414 525 1492 σόλλας
547 1427 618 1492 τοῖς
640 1419 877 1502 πρεσβυτέροις
900 1417 956 1481 καί
973 1418 1138 1501 ἰσοτίμοις
1160 1414 1199 1483 οδ
1222 1415 1312 1483 πάνυ
1334 1415 1496 1494 πολλάκις
1518 1429 1677 1503 παρεῖχεν
1698 1415 2000 1494 δπεξανίστασθαι,

297 1525 496 1614 προσιόντος
522 1528 554 1593 δ’
577 1525 677 1594 crisci
705 1530 761 1594 arci
791 1530 937 1616 κεφαλὴν
958 1525 1264 1596 ἀποκαλύπτεσθαι
1288 1551 1342 1614 pro
1367 1525 1449 1595 ὥστε
1471 1529 1613 1606 Σύλλαν,
1645 1527 1924 1618 ἃπρεσβυτέροις
1945 1533 2001 1596 καί

298 1642 462 1726 ίσοτίμοις
483 1637 522 1706 οδ
538 1639 626 1708 πάνυ
642 1641 803 1719 πολλάκις
819 1653 985 1728 παρεῖχεν,
1008 1639 1300 1717 ὑπεξανίστασθαι
1323 1639 1521 1730 προσιόντος
1543 1637 1723 1709 αὐτοῦκαὶ
1746 1644 1892 1730 κεφαλήν
1914 1642 2001 1710 άπα-

296 1749 531 1820 καλόπτεσθαι
555 1767 585 1819 et
605 1758 752 1820 sexcentis
774 1757 839 1821 aliis
862 1759 942 1832 locis,
965 1777 1041 1840 quos
1064 1776 1239 1822 enumerare
1262 1759 1385 1839 longum
1409 1771 1462 1822 est.

441 1868 565 1952 Saepius
589 1871 629 1944 lit,
652 1879 686 1934 ut
707 1871 737 1933 in
761 1871 836 1934 libro
859 1870 884 1932 N
907 1871 980 1933 alios
1004 1872 1076 1933 ordo
1100 1871 1256 1935 verborum
1280 1873 1320 1934 sit
1342 1883 1429 1954 etque
1450 1875 1482 1936 in
1498 1875 1603 1936 ceteris
1619 1873 1711 1944 libris,
1735 1873 1815 1954 qood
1832 1871 2000 1952 ubicunque

297 1981 339 2054 tit,
363 1983 555 2044 cerseredus
577 2001 729 2063 pereum,
753 1983 805 2064 qui
827 1984 851 2044 N
875 1984 1050 2064 composuit,
1074 1984 1212 2046 ellectum
1235 2005 1309 2048 esse.
1354 1985 1457 2066 Magna
1479 1987 1559 2049 enim
1591 1985 1648 2048 fide
1674 1986 1706 2048 in
1728 1985 1922 2048 exscribendo
1945 2003 2000 2046 suo

297 2093 453 2175 exemplari
478 2095 591 2158 ridetur
618 2095 642 2158 is
658 2095 760 2171 tuisse,
798 2097 849 2177 qui
877 2097 904 2158 si
930 2096 1050 2178 quando
1077 2097 1105 2158 in
1129 2097 1233 2160 ordine
1256 2098 1414 2161 verborum
1443 2109 1606 2173 erraverat,
1634 2115 1734 2161 rerum
1759 2097 1888 2160 restituit
1910 2115 1999 2178 supra

296 2206 402 2268 lineum
430 2207 548 2288 scriptis
571 2209 592 2288 β
615 2217 645 2272 et
666 2231 688 2270 α
711 2217 740 2271 et
766 2227 894 2290 quocum
918 2210 1066 2272 consentit
1092 2210 1154 2272 iere
1181 2227 1299 2292 semper
1322 2213 1479 2274 Vaticanus
1506 2211 1565 2275 138
1588 2211 1649 2291 (ΙΙ),
1677 2211 1755 2274 unde
1775 2209 1860 2272 facile
1882 2209 2000 2282 efficias,

299 2337 367 2382 eum
390 2319 463 2383 alter
485 2321 610 2384 aiterum
635 2339 696 2384 non
712 2321 907 2402 exscripserit,
930 2321 987 2384 iem
1010 2323 1041 2384 in
1064 2323 1217 2385 communi
1233 2324 1389 2404 utriusque
1404 2325 1487 2388 tonte
1502 2326 1608 2388 eodem
1624 2323 1727 2387 ordine
1742 2335 1829 2404 etque
1843 2323 1922 2404 apud
1937 2321 2001 2384 illos

296 2431 382 2494 verba
412 2434 601 2514 processisse.
646 2434 683 2496 Et
709 2453 797 2514 posse
825 2453 859 2496 er
881 2433 1042 2498 bletritensi
1072 2453 1132 2498 uno
1160 2437 1203 2498 vel
1231 2455 1267 2498 ex
1289 2435 1451 2500 Matriteosi
1479 2445 1509 2500 et
1531 2437 1668 2500 Vaticano
1691 2436 1856 2499 coniunctis
1885 2443 2000 2498 rectum

295 2544 430 2606 ordinem
454 2545 608 2609 verborum
631 2545 789 2610 Plutarcho
810 2565 1038 2628 nonnumquam
1060 2548 1177 2611 restitui
1201 2549 1297 2611 hiatus
1321 2549 1506 2613 demonstret
1527 2550 1709 2632 reliquorum
1733 2549 1876 2612 librorum
1899 2549 1931 2610 in
1954 2547 2000 2609 his

296 2658 431 2720 evitatus.
463 2657 582 2738 Legitur
604 2659 978 2735 emolumentitii
1001 2661 1070 2723 etU
1094 2657 1256 2742 δείγματα
1277 2662 1343 2725 τῶν
1358 2663 1519 2726 Φωκικῶν
1542 2660 1591 2725 ἔτι
1613 2657 1807 2746 τραυμάτων
1830 2679 1883 2743 pro
1906 2657 2001 2723 δεινά

295 2765 344 2832 ἔτι
365 2770 432 2834 τῶν
454 2771 614 2836 Φωκικῶν
635 2770 840 2856 τραυμάτων,
868 2773 898 2836 in
921 2771 1010 2845 Nlll,
1030 2774 1099 2848 167,
1116 2774 1153 2836 31
1184 2774 1303 2850 εΙπε[ν]
1326 2773 1407 2857 ἐμοῦ
1429 2795 1484 2857 prc
1507 2773 1589 2859 ἐμοῦ
1611 2775 1695 2848 sirco,
1717 2773 1768 2846 ΠΙ,
1786 2772 1891 2847 195,2
1914 2771 2001 2852 ἔχειν

296 2881 359 2967 ἔφη
383 2901 437 2964 pro
460 2883 524 2970 ἔφη
547 2881 642 2964 ἔχειν,
664 2883 712 2960 ΙΙΙ,
728 2885 799 2959 209,
817 2887 835 2946 7
858 2881 1002 2970 ἡγοῦμαι
1024 2884 1199 2970 διαφέρειν
1215 2881 1337 2960 ἀδόξου
1352 2906 1406 2969 pro
1421 2886 1596 2972 διαφέρειν
1611 2883 1754 2972 ἡγοῦμαι
1770 2880 1905 2958 ἀδόξου.
1940 2885 1999 2947 Sed

294 2999 412 3080 saepius
435 2998 664 3080 transpositione
686 2999 842 3061 verborum
865 2999 897 3060 in
920 2999 945 3060 N
968 3000 1065 3062 hiatus
1089 2999 1224 3072 efficitur,
1248 3000 1298 3080 qui
1321 3001 1403 3064 deest
1419 3003 1601 3082 ceteroquin.
1639 2999 1688 3076 111,
1704 3000 1791 3072 52,7
1815 2999 1896 3062 enim
1914 2998 2000 3078 vulgo

296 3111 439 3193 scriptum
462 3119 508 3174 est
527 3106 664 3186 ἑστῶτες
684 3108 720 3175 ἔν
733 3108 824 3184 τάξει
840 3109 897 3174 καί
912 3107 1109 3194 μαχόμενοι,
1134 3113 1158 3173 Ν
1181 3121 1280 3175 autem
1304 3113 1392 3176 hebet
1414 3110 1550 3186 ἑστῶτες
1579 3111 1636 3175 καί
1651 3107 1833 3195 μαχόμενοι
1849 3109 1885 3176 έν
1898 3106 2000 3184 τάξει,

294 3223 344 3299 ΙΠ,
361 3223 447 3299 56,2
469 3222 537 3287 libri
560 3224 671 3287 habent
694 3222 766 3303 ἰδίᾳ
792 3219 1025 3308 συγγενόμενοι
1056 3223 1140 3306 πρδς
1166 3219 1267 3290 αὐτὸν
1296 3222 1456 3305 ἔγνωσαν,
1486 3226 1511 3288 N
1535 3220 1768 3306 συγγενόμενοι
1797 3222 1880 3307 πρὸς
1902 3218 2002 3286 αδτόν

296 3334 368 3416 tcto
391 3333 547 3416 ἔγνωσαν,
569 3337 620 3412 ΠΙ,
634 3337 685 3412 77,
697 3335 737 3400 28
761 3333 885 3421 άτρέμα
905 3337 952 3422 τῷ
973 3333 1065 3422 λόφῳ
1088 3339 1188 3418 vulgo,
1212 3338 1258 3423 τῷ
1280 3334 1373 3422 λόφῳ
1398 3313 1523 3422 άτρέμα
1545 3339 1580 3413 Ν,
1603 3331 2000 3417 sacramentotenus

295 3447 436 3528 γεγονός
458 3446 579 3532 ἔχθρδς
602 3451 698 3530 vulgo,
718 3445 931 3529 Ἀλκιβιάδου
954 3446 1075 3533 ἔχθρδς
1097 3449 1237 3530 γεγονώς
1260 3451 1295 3526 Ν,
1312 3451 1360 3524 ΙΠ,
1379 3453 1448 3528 147,
1460 3451 1501 3514 28
1524 3447 1659 3530 άγαθδν
1681 3451 1881 3534 πεπρᾶχθαι
1903 3449 1999 3529 vulgo,

294 3559 554 3646 διαπεπράχθαι
578 3561 711 3644 άγαθδν
733 3563 768 3638 Ν,
784 3563 832 3636 ΠΙ,
852 3564 920 3638 157,
938 3563 974 3625 31
1000 3559 1062 3648 η’δη
1085 3565 1141 3647 τῆς
1154 3559 1309 3638 Ἑλλάδος
1332 3561 1423 3636 ἔξωκ.
1446 3565 1543 3645 volgo,
1566 3564 1622 3648 τῆς
1641 3559 1795 3636 Ἑλλάδος
1817 3559 1880 3646 ἤδη
1904 3558 1997 3634 ἔξωιι.

294 3674 328 3749 N,
353 3675 402 3751 ΙΠ,
418 3676 490 3752 211,
506 3675 547 3738 23
570 3671 762 3760 άξιοόμενοι
785 3673 960 3760 διαφέρειν
982 3673 1099 3760 ἄνδρες
1121 3677 1220 3756 vulgo,
1244 3673 1438 3758 άξιοόμενοι
1461 3673 1579 3759 ἄνδρες
1601 3675 1776 3760 διαφέρειν
1798 3676 1832 3748 N,
1855 3673 1876 3750 Ι,
1893 3673 2000 3750 427,3

293 3779 397 3852 αδτοῦ
420 3787 618 3872 θαυμαστὸν
640 3787 780 3854 ἔπαινον
802 3792 899 3870 vulgo,
920 3783 1021 3853 αὐτοί
1043 3787 1182 3854 ἔπαινον
1202 3788 1401 3872 θαυμαστὸν
1421 3789 1456 3863 N,
1480 3791 1501 3865 Ι,
1519 3791 1591 3863 452,
1609 3789 1628 3852 3
1651 3790 1775 3872 μητέρα
1797 3783 2001 3870 βουλομένην

293 3897 355 3984 ἤδη
384 3895 492 3978 λόγων
515 3901 615 3983 vulgo,
636 3905 761 3987 μητέρα
785 3900 848 3987 ἤδη
871 3900 978 3981 λόγων
1003 3899 1205 3987 βουλομένην
1227 3904 1261 3978 N,
1290 3905 1310 3976 l,
1328 3902 1400 3982 452,
1417 3901 1457 3965 28
1486 3899 1569 3976 ἀξιῶ
1592 3919 1628 3964 σε
1650 3900 1709 3985 την
1731 3898 1879 3984 πατρίδα
1901 3902 1998 3981 vulgo,

294 4011 354 4096 την
375 4011 522 4098 πατρίδα
537 4010 622 4088 άξιῶ
636 4031 674 4079 σε
689 4017 723 4090 N,
747 4017 768 4090 1,
784 4017 888 4091 426,1
913 4011 975 4100 η’δη
997 4014 1073 4090 τούς
1096 4012 1298 4100 στρατιώτας
1314 4011 1468 4100 Μάρκιος
1490 4017 1593 4095 vulgo,
1615 4013 1691 4088 τούς
1713 4011 1915 4096 στρατιώτας
1938 4009 2000 4096 ἤδη

294 4121 314 4188 δ
332 4123 470 4210 μάρκιος
486 4127 521 4202 N,
544 4129 565 4200 Ι,
582 4130 653 4203 447,
670 4130 707 4191 21
733 4123 918 4210 μεταδόσει
941 4121 1111 4212 δυνάμεως
1133 4125 1189 4192 καὶ
1204 4124 1304 4214 ἀρχῆς
1319 4129 1416 4210 vulgo,
1440 4125 1625 4212 μεταδόσει
1649 4121 1747 4210 ἀρχῆς
1762 4125 1818 4188 καί
1833 4123 2002 4208 δυνάμεως

293 4239 327 4313 N,
351 4240 396 4315 ΙΙΙ,
409 4239 481 4316 213,
495 4240 535 4304 30
548 4235 651 4318 οὕτως
664 4240 730 4305 τῶν
743 4239 954 4327 Δημοσθένει
970 4243 1090 4325 συνέβη
1102 4241 1140 4305 τὸ
1152 4242 1284 4324 πρῶτον
1299 4236 1567 4326 έπανορθῶσεως
1584 4241 1679 4322 vulgo,
1695 4240 1755 4303 τοῦ
1769 4237 2002 4324 δημοσθένους

293 4351 331 4414 τὸ
354 4353 485 4436 πρῶτον
507 4356 625 4439 συνέβη
647 4352 911 4438 έπανορθῶσεως
933 4355 1004 4418 Net
1021 4355 1055 4418 U.
1092 4356 1188 4437 Atque
1211 4355 1256 4418 his
1278 4355 1398 4437 quidem
1421 4355 1494 4419 locis
1517 4373 1639 4436 peccare
1662 4355 1693 4417 in
1717 4354 1819 4416 ordine
1842 4353 2001 4416 verborum

292 4463 401 4528 librum
423 4465 449 4527 N
470 4467 501 4529 in
523 4479 626 4548 aperto
649 4479 703 4532 est.

434 4579 534 4661 ltaque
565 4581 590 4642 si
619 4582 708 4644 alium
737 4582 871 4645 ordinem
900 4581 1058 4644 verborum
1091 4579 1213 4642 uadunt
1241 4579 1308 4643 libri
1341 4581 1436 4644 adhuc
1469 4580 1580 4654 collati,
1611 4579 1701 4642 elium
1730 4579 1809 4640 Net
1831 4577 1870 4652 U,
1904 4593 2002 4657 neque

293 4691 377 4756 alteri
400 4691 473 4756 alter
487 4695 698 4774 praeferendus
713 4696 766 4758 sed
783 4705 908 4776 uterque
924 4713 1019 4776 aeque
1034 4695 1131 4756 bonus
1147 4693 1301 4769 videbitur,
1324 4694 1429 4757 incerti
1444 4693 1644 4770 haerebimus,
1667 4693 1746 4756 unde
1761 4691 1847 4754 nobis
1862 4689 2001 4753 standum

292 4805 341 4879 sit,
364 4805 444 4886 quod
467 4806 566 4869 nescio
589 4825 649 4889 quo
672 4815 756 4888 pecto
780 4825 920 4889 persaepe
942 4807 1062 4870 accidit:
1092 4803 1203 4882 Ι,432,
1221 4807 1260 4867 12
1284 4807 1363 4868 enim
1388 4801 1543 4888 άνδρείος
1558 4802 1654 4888 ἔργον
1675 4805 1762 4886 vulgo
1785 4803 2002 4884 scriptumest,

292 4926 323 4980 nt
337 4914 432 4999 ἔργον
447 4913 600 5003 ἀνδρείας
623 4919 710 4984 babet
724 4921 758 4994 N,
781 4919 852 4984 item
875 4921 897 4994 Ι,
909 4921 981 4993 432,
993 4919 1034 4981 29
1057 4913 1077 4982 ό
1092 4916 1195 5001 δῆμος
1210 4915 1352 4990 dieder:
1376 4915 1506 4991 ἔξωθεν
1521 4914 1540 4982 δ
1556 4917 1660 5002 δῆμος
1675 4919 1708 4992 N,
1731 4918 1752 4992 Ι,
1769 4915 1841 4990 433,
1858 4914 1899 4976 22
1922 4913 2002 4996 μιᾶς

292 5025 336 5104 ῶς
357 5026 520 5116 πρότερον
541 5029 654 5118 οὗσηςι
676 5032 755 5116 μιᾶς
777 5030 877 5117 οὔσης
897 5027 939 5107 ῶς
955 5030 1125 5116 πρότερον,
1148 5031 1171 5104 Ι,
1187 5029 1259 5105 435,
1276 5030 1318 5091 27
1343 5028 1410 5094 άπδ
1425 5032 1569 5117 κραυγῆς
1591 5033 1750 5116 βοηθείνι
1773 5029 1916 5112 βοηθεῖν
1933 5021 2001 5089 ἀπὸ

292 5143 446 5226 κραυγῆς,
478 5145 498 5220 Ι,
514 5145 587 5220 438,
605 5147 645 5209 26
668 5147 807 5229 μετρίως
836 5147 963 5230 φέρειν;
998 5147 1111 5229 φέρειν
1138 5146 1290 5228 μετρίως,
1324 5143 1345 5216 Ι,
1361 5143 1432 5221 439,
1449 5145 1489 5208 30
1519 5145 1574 5209 καὶ
1598 5145 1657 5208 τοῦ
1681 5141 1844 5226 σχήματος
1867 5138 1923 5202 καί
1946 5139 2002 5222 τῆς
