4602 5710
1036 311 1231 373 -4..

280 487 436 569 publicatis
459 489 489 550 in
512 487 586 550 libro
609 487 645 550 de
668 489 732 551 cod.
756 489 832 551 Plut.
857 489 994 552 Seitenst.
1019 489 1141 570 eiusque
1164 490 1281 554 asseclis
1304 490 1421 572 Lipsiae
1447 487 1527 551 1890
1550 489 1671 568 addam)
1694 489 1817 570 aliisque
1838 491 1895 553 iam
1921 492 1986 554 edi-

281 609 367 663 turus
390 619 466 662 sum.
497 603 593 682 atque
617 601 664 664 bic
686 602 806 683 quidem
829 602 900 664 satis
923 611 969 664 est
990 601 1056 664 libri
1071 601 1250 666 Matritensis
1272 603 1432 684 protulisse
1455 601 1607 676 lectiones,
1629 621 1719 685 quem
1736 603 1856 666 Carolus
1874 605 1983 680 Graux,

282 713 419 794 quamvls
443 713 518 776 mala
541 719 619 776 esset
642 715 714 777 lacie
736 715 981 796 paucissimisque
1004 715 1137 790 saeculis,
1160 723 1260 779 tamen
1285 717 1384 779 multis
1406 717 1438 778 in
1454 716 1535 790 locis,
1558 735 1634 796 quos
1649 715 1740 779 ceteri
1755 716 1869 779 codices
1887 717 1982 780 mani-

281 826 356 890 lesto
380 826 554 908 depravatos
578 827 735 898 baberent,
768 847 865 891 reram
898 835 928 889 et
950 827 1095 907 integram
1118 829 1270 891 Plutarchi
1296 830 1471 912 scripturam
1501 829 1561 892 sive
1594 829 1699 892 leviter
1728 839 1912 910 corruptam,
1947 831 1987 894 ita

281 949 397 1012 tamen,
432 947 464 1001 ut
493 939 570 1002 sacili
599 949 650 1002 aut
677 940 819 1022 probabili
854 941 1037 1004 correctione
1063 941 1094 1003 in
1117 941 1276 1022 pristinum
1299 942 1429 1005 nitorem
1452 942 1567 1004 restitui
1590 951 1701 1022 posset,
1724 941 1785 1005 sive
1806 917 1983 1024 plerumque

282 1053 424 1116 intactam
448 1061 478 1114 et
499 1053 669 1115 inviolatam
697 1054 851 1118 continere
873 1052 1027 1128 iudicabat,
1051 1062 1080 1116 et
1095 1072 1184 1134 quem
1201 1055 1237 1118 ad
1253 1055 1400 1136 quandam
1417 1054 1552 1117 codicum
1568 1055 1706 1117 familiam
1724 1056 1831 1118 misere
1847 1055 1986 1136 dilapsam

281 1166 431 1247 pertinere
454 1167 600 1241 credebat,
623 1168 668 1228 cui
694 1167 792 1248 siqua
814 1167 892 1230 iorte
915 1185 984 1248 pars
1000 1166 1134 1230 eiusdem
1151 1175 1303 1248 superstas
1326 1168 1362 1242 ei,
1386 1168 1436 1249 qui
1451 1167 1525 1229 vitas
1547 1165 1680 1230 editurus
1695 1177 1783 1241 asset,
1805 1176 1986 1250 suppeteret,

281 1287 316 1340 ut
348 1279 380 1342 in
411 1279 478 1343 vitis
500 1279 708 1342 Demosthenis
733 1287 762 1342 et
785 1279 936 1342 Ciceronis
972 1299 1027 1361 per
1049 1279 1226 1344 Vaticanum
1253 1279 1312 1343 138
1336 1287 1365 1342 ο1
1386 1281 1620 1354 Laurentianum
1644 1278 1779 1353 Llilll‚4
1802 1288 1832 1343 et
1865 1281 1896 1344 in
1930 1282 1986 1344 rita

282 1391 379 1454 Crassi
417 1391 579 1470 (15-93)
616 1410 668 1473 per
705 1393 795 1455 bbros
832 1392 1142 1474 Pseudo-appionem
1180 1394 1231 1468 111,
1278 1391 1407 1456 marima'
1440 1411 1558 1475 semper
1594 1392 1667 1456 fides
1704 1401 1791 1475 atque
1827 1394 1986 1457 auctoritas

281 1504 439 1568 tribuenda
461 1513 548 1568 esset.

424 1619 520 1698 Atque
542 1618 599 1680 hoc
621 1618 740 1700 quidem
763 1625 842 1682 recte
864 1619 936 1682 vidit
958 1620 1056 1684 Graux
1078 1619 1262 1702 perlustrans
1287 1617 1431 1682 lectiones
1453 1617 1549 1682 Crassi
1574 1618 1611 1680 21
1637 1629 1667 1681 et
1690 1616 1731 1679 22
1754 1619 1784 1681 1ο
1807 1619 1866 1680 vita
1890 1619 1987 1684 Crassi

282 1728 434 1806 trs-33)
457 1729 658 1794 Matritensam
689 1732 812 1813 propius
845 1733 880 1794 ad
908 1732 1000 1795 libros
1022 1731 1294 1814 Pseudo-Appiani
1328 1731 1435 1794 bellum
1460 1730 1629 1793 Parthicum
1657 1739 1815 1794 narrantes
1848 1733 1987 1796 accedere

284 1861 372 1925 quam
406 1850 521 1906 ceteros
545 1843 693 1906 Plutarchi
726 1845 850 1907 codices.
893 1843 1016 1924 Magnus
1050 1845 1130 1907 enim
1163 1863 1308 1908 numerus
1329 1844 1489 1908 lectionum
1525 1842 1609 1906 libris
1632 1844 1933 1926 Pseudo-Appianeis
1957 1855 1987 1908 ot

282 1955 450 2020 Matritensi
473 1957 639 2020 communis
663 1967 717 2032 est,
741 1967 774 2020 ut
795 1955 911 2032 ΙΙΙ,58,
930 1958 968 2018 14
991 1953 1170 2033 ἐκέλευσεν,
1194 1957 1245 2034 58,
1262 1956 1302 2019 22
1325 1953 1539 2042 περιφεάγειν
1561 1955 1611 2032 58,
1627 1955 1668 2018 29
1691 1951 1895 2041 ἀστατούσης
1916 1980 1986 2038 χιι-

281 2068 382 2152 μῶνι,
406 2069 459 2148 59,
478 2071 515 2132 14
530 2065 649 2154 ταύτης
664 2066 715 2145 δὲ,
739 2069 789 2143 60,
804 2069 824 2132 2
840 2065 1031 2146 δυνάσταις,
1055 2071 1107 2156 60,
1123 2070 1142 2132 9
1158 2067 1277 2152 δάρας,
1300 2071 1351 2144 60,
1370 2071 1408 2132 14
1424 2065 1572 2152 πόλεμον
1587 2063 1712 2146 αὐτοῖς,
1735 2069 1785 2146 66,
1803 2069 1842 2134 18
1858 2068 1985 2154 πλήθει

283 2180 340 2244 καλ
363 2173 487 2266 θάρσει
510 2179 641 2267 πολλῷ,
665 2183 774 2258 67,15
797 2183 1014 2264 nonexpresse,
1038 2183 1089 2255 67,
1105 2182 1146 2246 25
1170 2178 1188 2266 ἡ
1211 2179 1307 2266 duod,
1331 2181 1416 2258 68,6
1440 2179 1655 2265 πρῶτονμὲν
1677 2176 1750 2260 οὖν,
1782 2181 1889 2258 68,18
1912 2199 1986 2246 στε-

282 2290 462 2379 γάσματος,
479 2295 529 2372 68,
545 2294 587 2357 24
601 2293 637 2360 το
654 2293 750 2378 βέλος
764 2291 1023 2379 ἠναγκασμένον,
1047 2295 1097 2372 69,
1114 2292 1266 2372 4οι188ν,
1283 2295 1334 2371 69,
1353 2297 1389 2358 11
1407 2291 1641 2380 θυρεοφόρων,
1659 2295 1741 2372 70,6
1761 2294 1827 2360 τῶν
1842 2293 1986 2371 πολλῶν,

282 2408 369 2484 70,9
392 2409 764 2492 προσπεπερονημένας,
793 2407 879 2482 70,9
905 2405 1135 2492 ἐληλαμένους,
1161 2409 1245 2488 tta
1276 2405 1309 2472 oi
1335 2405 1516 2492 πρότακτοι
1543 2410 1739 2490 παρέχουσι,
1768 2409 1817 2482 74,
1833 2409 1874 2471 20
1899 2403 1984 2474 Γνά-

281 2543 371 2598 τιος,
406 2521 492 2594 75,8
519 2518 721 2600 Βαγάντιος,
753 2522 860 2595 75,12
887 2519 979 2594 ελξαν
1006 2521 1062 2584 καὶ
1090 2520 1223 2603 διέσχον
1250 2517 1392 2586 ἀπιοῦσι
1415 2517 1522 2605 βάδην
1543 2521 1590 2594 εἰς
1611 2520 1670 2595 τάς
1695 2517 1842 2606 Κάρρας,
1877 2523 1984 2598 76,12

283 2629 424 2719 καὶτῆς,
448 2635 498 2708 76,
515 2635 553 2697 16
576 2629 664 2698 notai
685 2629 972 2717 καθυστερήσωσι,
997 2635 1046 2711 76,
1063 2635 1102 2697 23
1126 2630 1315 2718 ἀναμεῖναι,
1340 2636 1423 2710 77,1
1449 2631 1680 2718 θυρεαφόρων,
1704 2635 1790 2710 77,9
1812 2633 1869 2697 καὶ
1890 2631 1986 2718 μόλις

284 2747 332 2824 alc
346 2745 404 2831 τὴν
420 2742 506 2824 ὁδὸν,
531 2747 581 2822 77,
599 2747 638 2810 30
653 2742 825 2822 ὑπειπών,
850 2747 899 2823 78,
915 2748 954 2810 25
970 2741 1096 2824 abacta,
1120 2748 1171 2822 79,
1190 2750 1204 2809 1
1223 2746 1496 2830 συνέλαβε-καλ,
1518 2747 1569 2822 79,
1589 2749 1627 2810 15
1643 2747 1857 2831 πιριέβρσαν,
1881 2748 1986 2822 79,19

282 2857 497 2943 βουλόμενοι,
533 2858 583 2932 79,
600 2860 640 2921 25
664 2853 732 2923 άπὸ
754 2860 813 2924 τοῦ
836 2865 945 2925 1ππου
973 2881 1047 2936 om,
1082 2859 1132 2936 81,
1149 2862 1189 2923 24
1212 2860 1294 2945 perd
1320 2860 1425 2943 χαρᾶς
1453 2858 1509 2922 καὶ
1536 2860 1694 2945 κραυγῆς,
1729 2859 1834 2934 82,15
1858 2854 1984 2946 ὕδερον.

286 2973 389 3054 Neque
423 2973 522 3036 minus
557 2981 637 3035 recte
670 2973 750 3036 idem
785 2974 905 3046 statuit,
938 2993 1005 3038 oum
1029 2974 1208 3038 Matritensis
1240 2991 1469 3056 nonnumquam
1501 2993 1567 3036 cum
1591 2974 1703 3054 vulgata
1726 2975 1848 3046 iaceret,
1883 2975 1933 3039 ubi
1954 2977 1985 3039 in

283 3087 553 3167 Pseudo-Appiano
578 3105 637 3148 uno
661 3085 808 3150 Plutarchi
832 3105 939 3150 manus
961 3095 1137 3162 servaretur,
1159 3087 1198 3151 ita
1219 3087 1302 3151 illum
1326 3107 1393 3151 cum
1417 3087 1532 3167 vulgata
1556 3087 1746 3150 coniunctum
1769 3087 1871 3164 luisse,
1895 3097 1928 3151 ut
1949 3109 1985 3150 cx

283 3217 344 3261 uno
366 3198 442 3261 libro
464 3197 520 3278 (c.)
543 3215 610 3262 curn
634 3199 681 3262 illa
705 3217 841 3264 manasse
863 3200 1027 3275 videretur,
1061 3204 1111 3281 qul
1139 3199 1214 3263 liber
1237 3203 1288 3278 (cr)
1316 3201 1441 3263 eandem
1470 3207 1558 3280 atqua
1585 3199 1652 3262 libri
1675 3200 1817 3281 Appianai
1840 3201 1983 3282 originem

283 3312 326 3391 (b)
349 3311 512 3374 habuisset.

430 3426 469 3487 ht
490 3425 668 3504 singularem
691 3423 871 3488 Matritensis
894 3435 1030 3489 naturam
1054 3444 1118 3488 esse
1140 3426 1170 3488 in
1193 3425 1360 3507 posteriore
1382 3426 1457 3488 vitae
1480 3425 1603 3506 Pompei
1625 3433 1709 3506 parte
1724 3425 1790 3507 (Cp.
1809 3423 1932 3489 19-80
1955 3435 1986 3488 et

287 3542 390 3623 Comp.
413 3541 499 3620 hges.
523 3546 563 3600 et.
586 3539 690 3620 Pomp.
709 3538 804 3618 1-4)
826 3557 887 3602 non
910 3539 1117 3602 animadvertit
1139 3540 1245 3602 Graux.
1290 3541 1385 3620 dtque
1408 3538 1455 3601 bic
1476 3538 1610 3618 quidem,
1634 3547 1669 3602 ut
1690 3538 1768 3601 brevi
1791 3539 1901 3612 dicam,
1923 3538 1984 3602 Ma·

283 3653 413 3717 tritensis
432 3672 498 3715 cum
513 3651 654 3714 Parisinis
669 3646 718 3712 F·'
732 3661 761 3713 et
783 3651 806 3712 P
829 3661 858 3713 et
881 3671 947 3714 cum
961 3652 1107 3716 Marciano
1124 3649 1184 3713 385
1201 3652 1270 3732 (Mt)
1285 3669 1444 3714 commune
1466 3651 1646 3732 principium
1663 3650 1773 3726 habuit,
1796 3651 1875 3731 quod
1893 3653 1985 3714 multo

283 3768 375 3847 magis
394 3765 560 3840 miraberis,
580 3765 606 3827 si
620 3766 765 3847 reputaris
781 3764 890 3827 librum
907 3765 1189 3828 Seitenstettensem
1206 3766 1310 3827 eodem
1327 3765 1390 3826 loco
1406 3763 1534 3845 atqueN
1557 3774 1693 3827 naturam
1709 3781 1792 3826 suam
1809 3772 1933 3839 mutare,
1957 3765 1985 3828 in

281 3898 340 3961 quo
359 3877 394 3942 ab
411 3879 531 3960 antiqua
548 3896 639 3941 manu
655 3878 737 3958 prior
750 3895 819 3958 pars
836 3877 957 3958 Pompei
973 3897 1068 3960 usque
1084 3878 1119 3941 ad
1138 3877 1222 3940 verba
1238 3877 1286 3951 ΙΙΙ,
1303 3876 1374 3949 205,
1392 3876 1429 3939 81
1448 3871 1635 3960 ἀμφίδοξον
1651 3872 1755 3953 ἔσχεν,
1779 3896 1794 3938 a
1810 3878 1987 3940 recentiori-

283 3992 338 4056 bus
361 3992 475 4072 reliqua
498 4010 566 4072 pars
590 3990 722 4052 eiusdem
746 3991 820 4052 ritae
843 3997 872 4052 et
895 3989 1083 4072 Comparatio
1106 3991 1232 4072 scriptae
1258 3997 1338 4052 sunt.
1383 3989 1438 4052 Ubi
1466 3990 1555 4069 igitur
1578 3989 1833 4052 Seitenstettensis
1854 3989 1926 4052 fides
1949 3992 1988 4054 ita

281 4105 483 4178 imminuitur,
508 4111 541 4164 ut
562 4103 621 4166 iam
645 4101 726 4165 nulla
747 4103 795 4177 sit,
817 4102 858 4164 ibi
873 4103 1051 4166 Matritensis
1074 4103 1109 4165 ad
1125 4103 1214 4165 tidem
1231 4103 1368 4183 adquirit,
1391 4121 1458 4165 cum
1476 4101 1658 4182 optimorum
1675 4101 1818 4164 librorum
1837 4102 1986 4166 Plutarchi

282 4218 403 4299 vestigia
427 4234 560 4298 premere
591 4215 721 4298 incipiat.
766 4216 853 4278 Unde
881 4217 925 4290 111,
960 4233 1026 4279 cum
1058 4215 1089 4278 in
1119 4216 1224 4279 ceteris
1247 4216 1314 4278 ritis
1340 4233 1462 4296 perraro
1486 4212 1618 4276 Vulcobii
1640 4214 1783 4277 lectiones
1805 4214 1987 4280 Matritensis

280 4330 346 4395 libri
371 4331 545 4396 testimonio
570 4330 810 4412 comprobentur,
834 4339 866 4393 ut
890 4330 938 4392 bic
959 4330 1017 4392 iam
1042 4347 1183 4410 magnum
1208 4347 1368 4392 numerum
1385 4326 1630 4391 Vulcobianarum
1653 4345 1689 4388 ar
1715 4327 1764 4389 illo
1786 4328 1861 4391 libro
1877 4331 1987 4411 depro-

283 4463 365 4508 mere
387 4444 495 4526 possis,
517 4463 607 4525 quem
630 4453 729 4508 tamen
754 4463 851 4525 neque
875 4443 1002 4506 uenum
1025 4443 1187 4524 Stephano,
1210 4461 1277 4506 cum
1302 4441 1492 4505 Plutarchum
1516 4440 1625 4514 ederet,
1649 4459 1747 4522 neque
1769 4440 1895 4513 Murato,
1919 4461 1986 4506 curn

280 4558 378 4623 tidini
402 4557 554 4620 cuiusdam
580 4558 755 4639 exemplaris
779 4557 947 4620 Plutarchei
976 4556 1137 4620 ascriberet
1166 4556 1304 4637 margini,
1337 4554 1478 4616 immistis
1506 4553 1568 4616 suis
1603 4555 1799 4629 coniecturis,
1834 4557 1987 4617 varietates

280 4671 440 4744 librorum,
474 4687 571 4753 neque
591 4670 746 4742 Vulcobio,
770 4689 837 4733 cum
860 4689 893 4733 er
918 4669 1023 4734 Mureti
1047 4669 1149 4732 hldina
1172 4668 1295 4750 aliisque
1325 4667 1474 4730 codicibus
1497 4685 1580 4730 suam
1603 4668 1778 4749 farraginem
1803 4675 1987 4748 congereret,

281 4795 400 4868 praesto
423 4783 515 4848 luisse
537 4801 591 4865 pro
614 4793 694 4847 certo
717 4783 925 4846 affirmandum
949 4792 1003 4846 est
1048 4783 1090 4845 lta
1112 4783 1144 4844 in
1167 4781 1368 4844 Matritensem
1392 4799 1510 4862 quoquc
1534 4780 1625 4854 cadit,
1649 4799 1738 4863 quem
1763 4783 1792 4844 io
1817 4779 1884 4842 vitis
1906 4779 1984 4841 bloi-

280 4898 375 4961 hiadis
398 4905 427 4960 et
450 4897 597 4960 Coriolani
618 4915 845 4977 nonnumquam
868 4896 945 4958 haud
968 4897 1008 4959 ita
1038 4897 1126 4976 longe
1148 4895 1257 4958 distare
1280 4913 1295 4954 a
1318 4893 1393 4955 libro
1419 4893 1560 4956 Parisino
1587 4893 1666 4958 1678
1690 4895 1736 4973 (0)
1761 4895 1791 4956 in
1815 4901 1986 4956 transcursu

281 5029 402 5074 monere
425 5012 519 5084 liceat,
543 5011 620 5092 quod
645 5011 680 5072 de
702 5009 904 5092 compluribus
927 5009 1076 5073 Plutarchi
1099 5008 1182 5071 libris
1210 5007 1368 5071 dicendum
1394 5015 1450 5078 ert,
1480 5007 1565 5070 aliam
1590 5008 1619 5070 in
1644 5007 1706 5070 aliis
1730 5006 1861 5089 partibus
1884 5024 1986 5069 eorum

282 5125 489 5190 auctoritatem
515 5145 590 5189 asse.
634 5125 676 5187 bc
698 5143 735 5188 ιιι
758 5123 899 5187 iudicium
923 5141 1016 5203 penes
1039 5141 1086 5184 me
1117 5139 1209 5185 unum
1234 5123 1285 5195 sit,
1321 5118 1445 5183 tabulam
1475 5119 1635 5184 lectionum
1663 5119 1817 5183 extribus
1844 5119 1987 5202 capitibus
